@article{Berg1999,
title = "Models for warehouse management: Classification and examples ",
journal = "International Journal of Production Economics ",
volume = "59",
number = "1–3",
pages = "519 - 528",
year = "1999",
note = "",
issn = "0925-5273",
doi = "http://dx.doi.org/10.1016/S0925-5273(98)00114-5",
url = "http://www.sciencedirect.com/science/article/pii/S0925527398001145",
author = "J.P.van den Berg and W.H.M. Zijm",
keywords = "Inventory systems",
keywords = "Warehouse management",
keywords = "Storage allocation and assignment",
keywords = "Forward/reserve problem",
keywords = "Logistics. "
}



@article{Rouwenhorst2000,
title = "Warehouse design and control: Framework and literature review ",
journal = "European Journal of Operational Research ",
volume = "122",
number = "3",
pages = "515 - 533",
year = "2000",
note = "",
issn = "0377-2217",
doi = "http://dx.doi.org/10.1016/S0377-2217(99)00020-X",
url = "http://www.sciencedirect.com/science/article/pii/S037722179900020X",
author = "B. Rouwenhorst and B. Reuter and V. Stockrahm and G.J. van Houtum and R.J. Mantel and W.H.M. Zijm",
keywords = "Survey",
keywords = "Warehouse",
keywords = "Design",
keywords = "Performance analysis "
}



@Misc{ibm2012,
  Title                    = {{SPSS Statistics 23 - Integrierte Hilfefunktion}},
  Author                   = {IBM, {International Business Machines Corporation}},
  Year                     = {2012}
}


@Misc{Kolenbrander2012,
  Title                    = {{Generic simulation metamodeling: Making metamodeling accessible for simulation users}},
  Author                   = {Kolenbrander, M. B. and Kortmann, L. J. and Cunningham, S. W. and Verbraeck, A.},
  Note                     = {Faculty of Technology, Policy and Management. Delft University of Technology},
  Year                     = {2012}
}

@PhdThesis{Lorscheid2014,
  Title                    = {{LAMDA - Learning Agents for Mechanism-Design Analysis}},
  Author                   = {Lorscheid, Iris},
  School                   = {Institute of Management Control and Accounting, Hamburg University of Technology},
  Year                     = {2014},
  Address                  = {Hamburg}
}

@Misc{Reif2000,
  Title                    = {{Moderne Aspekte des Wissensverarbeitung}},

  Author                   = {Reif, Gerald},
  Month                    = {Januar},
  Note                     = {Institut für Informationsverarbeitung und Computergestützte neue Medien (IICM), TU Graz},
  Year                     = {2000},
  Url                      = {http://www.iicm.tu-graz.ac.at/greif/node10.html}
}

@InCollection{Rosen2013,
  Title                    = {{A case study examining the impact of factor screening for neural network metamodels}},
  Author                   = {Rosen, Scott L and Guharay, Samar K},
  Booktitle                = {Proceedings of XXX},
  Publisher                = {The MITRE Corporation},
  Year                     = {2013},
  Pages                    = {486--496},
  Organization             = {IEEE Press}
}